<record><leader>00000cas a2200000 a 4500</leader><controlfield tag="001">9370150</controlfield><controlfield tag="008">830402d18781884mnudr ne      0   a0eng c</controlfield><datafield ind1=" " ind2=" " tag="010"><subfield code="a">sn 83025287 </subfield></datafield><datafield ind1=" " ind2=" " tag="040"><subfield code="a">NPV</subfield><subfield code="b">eng</subfield><subfield code="c">NPV</subfield><subfield code="d">DLC</subfield><subfield code="d">MN#</subfield><subfield code="d">OCLCQ</subfield><subfield code="d">DLC</subfield><subfield code="d">OCLCQ</subfield><subfield code="d">OCLCF</subfield></datafield><datafield ind1=" " ind2=" " tag="019"><subfield code="a">995219453</subfield></datafield><datafield ind1="1" ind2=" " tag="022"><subfield code="a">1943-8990</subfield><subfield code="l">1943-8990</subfield><subfield code="2">1</subfield></datafield><datafield ind1="1" ind2=" " tag="029"><subfield code="a">AU@</subfield><subfield code="b">000025810762</subfield></datafield><datafield ind1="1" ind2=" " tag="029"><subfield code="a">NZ1</subfield><subfield code="b">16071178</subfield></datafield><datafield ind1=" " ind2=" " tag="042"><subfield code="a">pcc</subfield><subfield code="a">nsdp</subfield></datafield><datafield ind1=" " ind2=" " tag="043"><subfield code="a">n-us-mn</subfield></datafield><datafield ind1="0" ind2="0" tag="050"><subfield code="a">Newspaper</subfield></datafield><datafield ind1=" " ind2=" " tag="052"><subfield code="a">4144</subfield><subfield code="b">S4</subfield></datafield><datafield ind1="0" ind2=" " tag="130"><subfield code="a">Daily globe (Saint Paul, Minn.)</subfield></datafield><datafield ind1=" " ind2="0" tag="222"><subfield code="a">Daily globe</subfield><subfield code="b">(Saint Paul, Minn.)</subfield></datafield><datafield ind1="1" ind2="0" tag="245"><subfield code="a">Daily globe.</subfield></datafield><datafield ind1="1" ind2="7" tag="246"><subfield code="a">St. Paul daily globe</subfield></datafield><datafield ind1="3" ind2="0" tag="246"><subfield code="a">Saint Paul daily globe</subfield></datafield><datafield ind1="3" ind2="0" tag="246"><subfield code="a">Sunday globe</subfield></datafield><datafield ind1="1" ind2="7" tag="246"><subfield code="a">St. Paul Sunday globe</subfield></datafield><datafield ind1="1" ind2="7" tag="246"><subfield code="a">Saint Paul Sunday globe</subfield></datafield><datafield ind1=" " ind2=" " tag="260"><subfield code="a">St. Paul, Minn. :</subfield><subfield code="b">H.P. Hall,</subfield><subfield code="c">1878-1884.</subfield></datafield><datafield ind1=" " ind2=" " tag="300"><subfield code="a">7 v.</subfield></datafield><datafield ind1=" " ind2=" " tag="310"><subfield code="a">Daily</subfield></datafield><datafield ind1="0" ind2=" " tag="362"><subfield code="a">Vol. 1, no. 1 (Jan. 15, 1878)-v. 7, no. 40 (Feb. 9, 1884).</subfield></datafield><datafield ind1=" " ind2=" " tag="500"><subfield code="a">On Sundays published as: Sunday globe, Jan. 27, 1878-Feb. 3, 1884.</subfield></datafield><datafield ind1=" " ind2=" " tag="530"><subfield code="a">Available on microfilm from the Minnesota Historical Society.</subfield></datafield><datafield ind1=" " ind2=" " tag="530"><subfield code="a">Archived issues are available in digital format from the Library of Congress Chronicling America online collection.</subfield></datafield><datafield ind1=" " ind2=" " tag="580"><subfield code="a">Weekly ed.: Weekly globe (Saint Paul, Minn.), Jan. 17, 1878-&lt;Dec. 27, 1883&gt;.</subfield></datafield><datafield ind1=" " ind2="0" tag="651"><subfield code="a">Saint Paul (Minn.)</subfield><subfield code="v">Newspapers.</subfield></datafield><datafield ind1=" " ind2="7" tag="655"><subfield code="a">Newspapers.</subfield><subfield code="2">fast</subfield><subfield code="0">(OCoLC)fst01423814</subfield></datafield><datafield ind1=" " ind2="7" tag="651"><subfield code="a">Minnesota</subfield><subfield code="z">Saint Paul.</subfield><subfield code="2">fast</subfield><subfield code="0">(OCoLC)fst01212130</subfield></datafield><datafield ind1=" " ind2=" " tag="752"><subfield code="a">United States</subfield><subfield code="b">Minnesota</subfield><subfield code="c">Ramsey</subfield><subfield code="d">Saint Paul.</subfield></datafield><datafield ind1="1" ind2=" " tag="775"><subfield code="t">Weekly globe (Saint Paul, Minn.)</subfield><subfield code="w">(DLC)sn 90059524</subfield><subfield code="w">(OCoLC)1589539</subfield></datafield><datafield ind1="0" ind2="0" tag="785"><subfield code="t">St. Paul daily globe</subfield><subfield code="w">(DLC)sn 90059522</subfield><subfield code="w">(OCoLC)1775208</subfield></datafield><datafield ind1="4" ind2="1" tag="856"><subfield code="u">http://www.loc.gov/chroniclingamerica/lccn/sn83025287/issues</subfield></datafield></record>